<?xml version="1.0" encoding="UTF-8"?><collection xmlns="http://www.loc.gov/MARC21/slim"><record><leader>00507nam--2200169-i-4500</leader><controlfield tag="001">000017148</controlfield><controlfield tag="002">20161230</controlfield><controlfield tag="005">20170105232001</controlfield><controlfield tag="008">060222s1000------------r-----000-0-eng-d</controlfield><datafield ind1=" " ind2=" " tag="020"><subfield code="a">981-02-0</subfield></datafield><datafield ind1=" " ind2=" " tag="080"><subfield code="a">530.145.3(061.3)</subfield></datafield><datafield ind1=" " ind2=" " tag="245"><subfield code="a">Trieste conference on topological methods in quantum field theories, ISTP, Trieste, Italy, 11-15 June 1990</subfield></datafield><datafield ind1=" " ind2=" " tag="260"><subfield code="a">Singapore</subfield><subfield code="b">World Scientific Publishing</subfield><subfield code="c">1991</subfield></datafield><datafield ind1=" " ind2=" " tag="300"><subfield code="a">171 p</subfield></datafield><datafield ind1=" " ind2=" " tag="700"><subfield code="a">Randjbar-Daemi, S</subfield></datafield><datafield ind1=" " ind2=" " tag="852"><subfield code="a">79527</subfield></datafield><datafield ind1=" " ind2=" " tag="CAT"><subfield code="a">SYS</subfield><subfield code="c">20170105</subfield><subfield code="h">232001</subfield></datafield></record></collection>